@string{PR =   "Phys. Rev."}
@string{PRL =   "Phys. Rev. Lett."}
@string{PRE =   "Phys. Rev. E"}
@string{PoP =   "Phys. Plasmas"}
@string{PoF =   "Phys. Fluids"}
@string{PFB =   "Phys. Fluids B"}
@string{NF =   "Nucl. Fusion"}
@string{PPCF =   "Plasma Phys. Controlled Fusion"}
@string{RMP =   "Rev. Mod. Phys."}
@string{CPP =   "Contrib. Plasma Phys."}
@string{JFM =   "J. Fluid Mech."}
@string{JETP =   "Soviet Phys. JETP"}
@string{PP =   "Plasma Phys."}
@string{RPP =   "Rep. Prog. Phys."}
@string{PLA =   "Phys. Lett. A"}
@string{JPP =   "J. Plasma Phys."}
@string{FED =   "Fusion Eng. Des."}
@string{FST =   "Fusion Sci. Tech."}
@string{BAPS =   "Bull. Am. Phys. Soc."}



@Article{LandremanCatto,
 author="M Landreman and P J Catto",
 journal =      PoP,
 year =         2012,
 volume =       19,
 pages =        056103
}

